@online{datasheet:LT1800,
	title = {LT1800},
	date = {2009},
	subtitle = {{$\SI{80}{\mega\hertz}$}, {$\SI[per-mode=symbol]{25}{\volt\per\micro\second}$} Low Power Rail-to-Rail Input and Output Precision Op Amp},
	file = {../1800fa.pdf},
	url = {http://cds.linear.com/docs/en/datasheet/1800fa.pdf},
	urldate = {2017-08-24},
}

@online{datasheet:RC4558,
	title = {RC4558},
	month={10},
	year={2014},
	subtitle = {RC4558 Dual General-Purpose Operational Amplifier},
	file = {../rc4558.pdf},
	url = {http://www.ti.com/lit/ds/symlink/rc4558.pdf},
	urldate = {2017-08-25},
}

@online(website:amp_psrr_cmrr_circuits,
	title = {Measuring amplifier DC offset voltage, PSRR, CMRR, and open-loop gain},
	date = {2014-02-19},
	url = {http://www.edn.com/electronics-blogs/bakers-best/4428555/Measuring-amplifier-DC-offset-voltage--PSRR--CMRR--and-open-loop-gain},
	urldate = {2017-08-25},
}